@misc{aseprite,
  author = {ASEPRITE},
  title = {Aseprite documentation},
  url = {https://www.aseprite.org/docs/},
  note = {Acesso em: 04 Feb. 2025},
  year = {2024}
}

@misc{blucher2009,
  author = {BLUCHER},
  title = {Amostra do livro: 9788521215318},
  address = {São Paulo},
  publisher = {Blucher},
  year = {2009},
  url = {https://storage.blucher.com.br/book/pdf_preview/9788521215318-amostra.pdf},
  note = {Acesso em: 01 Feb. 2025},
}

@techreport{branco2022,
  author = {Yuri da Silva Castelo Branco},
  title = {Desenvolvimento de jogo digital de RPG},
  institution = {Instituto Federal de Educação, Ciência e Tecnologia do Rio Grande do Norte},
  address = {Natal},
  year = {2022},
  url = {https://memoria.ifrn.edu.br/bitstream/handle/1044/2330/Yuri%20da%20Silva%20Castelo%20Branco.pdf?sequence=3&isAllowed=y},
  note = {Acesso em: 29 Dec. 2024},
}

@misc{carroll2000,
  author = {Jenny Carroll},
  title = {Using the MDA Framework as an approach to game design},
  year = {2000},
  url = {https://medium.com/@jenny_carroll/using-the-mda-framework-as-an-approach-to-game-design-9568569cb7d},
  note = {Acesso em: 25 Jan. 2025},
}

@misc{octalysis,
  author = {Y.-K. Chou},
  title = {The Octalysis Framework for gamification \& behavioral design},
  url = {https://yukaichou.com/gamification-examples/octalysis-complete-gamification-framework/},
  note = {Acesso em: 14 Nov. 2024},
  year = {2019}
}

@misc{fga_eps,
  author = {FGA - EPS},
  title = {Notas de MDS – A disciplina MDS EPS},
  url = {https://fga-eps-mds.github.io/A-Disciplina-MDS-EPS/mds/notas/},
  note = {Acesso em: 12 Dec. 2025},
}

@misc{glaiel2021,
  author = {T. Glaiel},
  title = {How to make your own game engine (and why)},
  year = {2021},
  url = {https://medium.com/geekculture/how-to-make-your-own-game-engine-and-why-ddf0acbc5f3},
  note = {Acesso em: 02 Feb. 2025},
}

@misc{godot,
  author = {Godot Engine},
  title = {Introduction to Godot},
  url = {https://docs.godotengine.org/en/stable/getting_started/introduction/introduction_to_godot.html},
  note = {Acesso em: 29 Jan. 2025},
  year ={2024}
}

@misc{godot-sysreq,
  author = {Godot Engine},
  title = {System requirements},
  url = {https://docs.godotengine.org/en/stable/about/system_requirements.html},
  note = {Acesso em: 01 Feb. 2025},
  year = {2024}
}

@misc{hunicke2004,
  author = {Robin Hunicke and Marc LeBlanc and Robert Zubek},
  title = {MDA: A formal approach to game design and game research},
  year = {2004},
  url = {https://users.cs.northwestern.edu/~hunicke/MDA.pdf},
  note = {Acesso em: 26 Jan. 2025},
}

@misc{huizinga2000,
  author = {Johan Huizinga},
  title = {Homo Ludens: o jogo como elemento da cultura},
  year = {2000},
  url = {http://jnsilva.ludicum.org/Huizinga_HomoLudens.pdf},
  note = {Acesso em: 02 Feb. 2025},
}

@misc{jacobson2007,
  author = {I. Jacobson and G. Booch and J. Rumbaugh},
  title = {The unified software development process},
  publisher = {Addison-Wesley},
  year = {2007},
}

@misc{kent2001,
  author = {S. L. Kent},
  title = {The ultimate history of video games},
  publisher = {Three Rivers Press},
  year = {2001},
  url = {https://archive.org/details/ultimatehistoryo0000kent/page/n627/mode/2up},
  note = {Acesso em: 21 Dec. 2024},
}

@misc{lawrence2002,
  author = {Scott Lawrence},
  title = {Tron arcade game 2002},
  year = {2002},
  url = {https://www.csh.rit.edu/~jerry/arcade/tron/},
  note = {Acesso em: 09 Nov. 2025},
}

@misc{malankar2023,
  author = {Nikhil Malankar},
  title = {Software engineering in gaming over the years | Game development | Evolution of gaming | @SCALER},
  year = {2023},
  url = {https://www.youtube.com/watch?v=abcde1234},
  note = {Acesso em: 04 Feb. 2025},
}

@techreport{marconi2023,
  author = {Gustavo Selhorst Marconi},
  title = {Análise e desenvolvimento de um jogo digital},
  institution = {Instituto Federal do Paraná},
  year = {2023},
  url = {https://ifpr.edu.br/londrina/wp-content/uploads/sites/18/2023/05/GUSTAVO-SELHORST-MARCONI-Analise-e-desenvolvimento-de-um-jogo-digital.pdf},
  note = {Acesso em: 03 Jan. 2025},
}

@misc{pixstudios,
  author = {PIX STUDIOS},
  title = {O que são as Game Engines ou motores de jogos?},
  url = {https://pixstudios.com.br/blog/novidades-de-computacao-grafica-e-games/o-que-sao-engine-de-games-ou-motor-de-jogo/index.html},
  note = {Acesso em: 08 Jan. 2025},
  year ={2014}
}

@misc{rabin2005,
  author = {Steve Rabin},
  title = {Introduction to game development},
  publisher = {Charles River Media},
  year = {2005},
  url = {https://www.amazon.com.br/dp/1584503919},
  note = {Acesso em: 07 Feb. 2025},
}

@misc{schwaber2013,
  author = {Ken Schwaber and Jeff Sutherland},
  title = {Guia do Scrum: um guia definitivo para o Scrum: as regras do jogo},
  year = {2013},
  url = {https://scrumguides.org/docs/scrumguide/v1/Scrum-Guide-Portuguese-BR.pdf},
  note = {Acesso em: 04 Nov. 2024},
}

@book{sommerville2011,
  author    = {Ian Sommerville},
  title     = {Engenharia de Software},
  year      = {2011},
  edition   = {9},
  publisher = {Pearson Prentice Hall},
  address   = {São Paulo},
  isbn      = {9788576057152}
}

@misc{ullmann2022,
  author = {Gabriel C. Ullmann and Cristiano Politowski and Yann-Gaël Guéhéneuc and Fabio Petrillo},
  title = {Game engine comparative anatomy},
  year = {2025},
  url = {https://arxiv.org/pdf/2207.06473},
  note = {Acesso em: 05 Feb. 2025},
}

@misc{unity-sysreq,
  author = {Unity Technologies},
  title = {System requirements},
  url = {https://docs.unity3d.com/6000.0/Documentation/Manual/system-requirements.html},
  note = {Acesso em: 01 Feb. 2025},
  year = {2024}
}

@misc{bandeira2024godot,
  author       = {Davi Bandeira},
  title        = {Lógica de Programação + Projetos na Godot/GDScript 4.3+},
  year         = {2024},
  howpublished = {\url{https://www.udemy.com/course/aprenda-godot-e-gdscript-em-7-dias/}},
  note         = {Curso online, Udemy}
}

@book{pressman2016engenharia,
  author    = {Roger S. Pressman and Bruce R. Maxim},
  title     = {Engenharia de Software: uma abordagem profissional},
  edition   = {8},
  year      = {2016},
  publisher = {AMGH Editora}
}

@book{pmbok2017,
  author    = {{Project Management Institute}},
  title     = {Guia PMBOK: Um guia do conhecimento em gerenciamento de projetos},
  edition   = {6},
  year      = {2017},
  publisher = {Project Management Institute}
}

@online{pinheiro2024testes,
  author    = {Diego Pinheiro},
  title     = {Entenda a importância dos testes para o sucesso em jogos digitais},
  year      = {2024},
  date      = {2024-05-22},
  url       = {https://www.testingcompany.com.br/blog/entenda-a-importancia-dos-testes-para-o-sucesso-em-jogos-digitais},
  note      = {Acessado em 14 jul. 2025},
  organization = {Testing Company}
}

@online{checkpoint_blackbox,
  author       = {{Check Point Software Technologies}},
  title        = {What is Black Box Testing?},
  year         = {s.d.},
  url          = {https://www.checkpoint.com/pt/cyber-hub/cyber-security/what-is-penetration-testing/what-is-black-box-testing/},
  note         = {Acessado em 14 jul. 2025},
  organization = {Check Point Software Technologies}
}

@article{gamedeveloper2021octalysis,
  author       = {{Game Developer Staff}},
  title        = {User Research: Utilizing Octalysis in Game User Research},
  journal      = {Game Developer},
  year         = {2021},
  url          = {https://www.gamedeveloper.com/business/user-research-utilizing-octalysis-in-game-user-research},
  note         = {Acesso em 5 de agosto de 2025}
}

@article{diniz2024,
  title        = {A indústria de jogos eletrônicos no Brasil: uma breve história e suas implicações na atualidade},
  author       = {Diniz, Rodrigo Gavioli, Felipe Gavioli},
  year         = {2024},
  journal      = {Geoingá: Revista do Programa de Pós-Graduação em Geografia},
  publisher    = {Universidade Estadual de Maringá},
  note         = {Doutorando no Programa de Pós-graduação em Geografia da UEM; Mestre em Tecnologias Ambientais pela UFMS}
}

@online{avell2025,
  author       = {{Avell}},
  title        = {Mercado de games no Brasil se destaca no cenário global},
  year         = {2025},
  url          = {https://avell.com.br/blog/mercado-de-games},
  note         = {Acesso em: 11 ago. 2025}
}



